@article{arnott1994economics,
  title={The economics of traffic congestion},
  author={Arnott, Richard and Small, Kenneth},
  journal={American scientist},
  pages={446--455},
  year={1994},
  publisher={JSTOR}
}

@article{arnott2005alleviating,
  title={Alleviating urban traffic congestion},
  author={Arnott, Richard and Rave, Tilmann and Sch{\"o}b, Ronnie and others},
  journal={MIT Press Books},
  volume={1},
  year={2005},
  publisher={The MIT Press}
}

@article{button2004rationale,
  title={The rationale for road pricing: standard theory and latest advances},
  author={Button, Kenneth},
  journal={Road pricing: theory and evidence},
  volume={9},
  pages={3--25},
  year={2004},
  publisher={Elsevier Amsterdam}
}

@article{verhoef2002second,
  title={Second-best congestion pricing in general networks. Heuristic algorithms for finding second-best optimal toll levels and toll points},
  author={Verhoef, Erik T},
  journal={Transportation Research Part B: Methodological},
  volume={36},
  number={8},
  pages={707--729},
  year={2002},
  publisher={Elsevier}
}

@incollection{balmer2009matsim,
  title={MATSim-T: Architecture and simulation times},
  author={Balmer, Michael and Rieser, Marcel and Meister, Konrad and Charypar, David and Lefebvre, Nicolas and Nagel, Kai},
  booktitle={Multi-agent systems for traffic and transportation engineering},
  pages={57--78},
  year={2009},
  publisher={IGI Global}
}

@article{de2006modelling,
  title={Modelling and evaluation of road pricing in Paris},
  author={De Palma, Andr{\'e} and Lindsey, Robin},
  journal={Transport Policy},
  volume={13},
  number={2},
  pages={115--126},
  year={2006},
  publisher={Elsevier}
}

@book{pigou2013economics,
  title={The economics of welfare},
  author={Pigou, Arthur Cecil},
  year={2013},
  publisher={Palgrave Macmillan}
}

@inproceedings{arnott2001economic,
  title={The economic theory of urban traffic congestion: a microscopic research agenda},
  author={Arnott, Richard and others},
  booktitle={Workshop on Environmental Economics and the Economics of Congestion: Coping with Externalities, Venice International University, Venice Summer Institute, San Servolo, Italy. Found online at http://FMWWWW. bc. edu/ECV/Arnott. fac. html},
  year={2001}
}

@article{daganzo2007urban,
  title={Urban gridlock: Macroscopic modeling and mitigation approaches},
  author={Daganzo, Carlos F},
  journal={Transportation Research Part B: Methodological},
  volume={41},
  number={1},
  pages={49--62},
  year={2007},
  publisher={Elsevier}
}

@incollection{fellendorf2010microscopic,
  title={Microscopic traffic flow simulator VISSIM},
  author={Fellendorf, Martin and Vortisch, Peter},
  booktitle={Fundamentals of traffic simulation},
  pages={63--93},
  year={2010},
  publisher={Springer}
}

@article{gentile2007spillback,
  title={Spillback congestion in dynamic traffic assignment: a macroscopic flow model with time-varying bottlenecks},
  author={Gentile, Guido and Meschini, Lorenzo and Papola, Natale},
  journal={Transportation Research Part B: Methodological},
  volume={41},
  number={10},
  pages={1114--1138},
  year={2007},
  publisher={Elsevier}
}

@article{van2006impact,
  title={The impact of cooperative adaptive cruise control on traffic-flow characteristics},
  author={Van Arem, Bart and Van Driel, Cornelie JG and Visser, Ruben},
  journal={IEEE Transactions on Intelligent Transportation Systems},
  volume={7},
  number={4},
  pages={429--436},
  year={2006},
  publisher={IEEE}
}

@article{small2001value,
  title={The value of  ``value pricing'' of roads: Second-best pricing and product differentiation},
  author={Small, Kenneth A and Yan, Jia},
  journal={Journal of Urban Economics},
  volume={49},
  number={2},
  pages={310--336},
  year={2001},
  publisher={Elsevier}
}

@inproceedings{newson2009hidden,
  title={Hidden Markov map matching through noise and sparseness},
  author={Newson, Paul and Krumm, John},
  booktitle={Proceedings of the 17th ACM SIGSPATIAL international conference on advances in geographic information systems},
  pages={336--343},
  year={2009},
  organization={ACM}
}

@article{verhoef2004product,
  title={Product differentiation on roads},
  author={Verhoef, Erik T and Small, Kenneth A},
  journal={Journal of Transport Economics and Policy (JTEP)},
  volume={38},
  number={1},
  pages={127--156},
  year={2004},
  publisher={Journal of Transport Economics and Policy}
}

@article{kaddoura2015marginal,
  title={Marginal Congestion Cost Pricing in a Multi-agent Simulation Investigation of the Greater Berlin Area},
  author={Kaddoura, Ihab},
  journal={Journal of Transport Economics and Policy (JTEP)},
  volume={49},
  number={4},
  pages={560--578},
  year={2015},
  publisher={Journal of Transport Economics and Policy}
}

@article{kaddoura2016agent,
  title={Agent-based congestion pricing and transport routing with heterogeneous values of travel time savings},
  author={Kaddoura, Ihab and Nagel, Kai},
  journal={Procedia Computer Science},
  volume={83},
  pages={908--913},
  year={2016},
  publisher={Elsevier}
}

@article{axhausen2008income,
  title={Income and distance elasticities of values of travel time savings: New Swiss results},
  author={Axhausen, Kay W and Hess, Stephane and K{\"o}nig, Arnd and Abay, Georg and Bates, John J and Bierlaire, Michel},
  journal={Transport Policy},
  volume={15},
  number={3},
  pages={173--185},
  year={2008},
  publisher={Elsevier}
}

@inproceedings{hulsmann2011towards,
  title={Towards a multi-agent based modeling approach for air pollutants in urban regions},
  author={H{\"u}lsmann, Friederike and Gerike, Regine and Kickh{\"o}fer, Benjamin and Nagel, Kai and Luz, Raphael},
  booktitle={Proceedings of the Conference on â€œLuftqualit{\"a}t an Stra{\ss}en},
  pages={144--166},
  year={2011}
}

@article{kickhofer2013rising,
  title={Rising car user costs: comparing aggregated and geo-spatial impacts on travel demand and air pollutant emissions},
  author={Kickh{\"o}fer, Benjamin and H{\"u}lsmann, Friederike and Gerike, Regine and Nagel, Kai},
  journal={Smart Transport Networks: Decision Making, Sustainability and Market structure, NECTAR Series on Transportation and Communications Networks Research},
  pages={180--207},
  year={2013}
}

@article{kickhofer2016towards,
  title={Towards high-resolution first-best air pollution tolls},
  author={Kickh{\"o}fer, Benjamin and Nagel, Kai},
  journal={Networks and Spatial Economics},
  volume={16},
  number={1},
  pages={175--198},
  year={2016},
  publisher={Springer}
}

@article{kaddoura2015activity,
  title={Activity-based computation of marginal noise exposure costs: impacts for traffic management},
  author={Kaddoura, I and Nagel, K},
  journal={Transportation Research Record},
  volume={2597},
  pages={2597--15},
  year={2015}
}

@techreport{kaddoura2014optimal,
  title={Optimal road pricing: Towards an agent-based marginal social cost approach},
  author={Kaddoura, Ihab and Kickh{\"o}fer, Benjamin},
  year={2014},
  institution={Working Paper 14-1, TU Berlin, Transport Systems Planning and Transport Telematics}
}

@book{fur1990richtlinien,
  title={Richtlinien f{\"u}r den L{\"a}rmschutz an Stra{\ss}en RLS-90},
  author={f{\"u}r Verkehr, Bundesminister},
  year={1990},
  publisher={Forschungsgesellschaft f{\"u}r Strassen-und Verkehrswesen}
}

@misc{fur1997empfehlungen,
  title={Empfehlungen f{\"u}r Wirtschaftlichkeitsuntersuchungen an Stra{\ss}en EWS--Entwurf},
  author={f{\"u}r des Stra{\ss}enverkehr, FGSV Forschungsgesellschaft},
  year={1997},
  publisher={K{\"o}ln}
}

@article{heutschi2004sonroad,
  title={SonRoad: New Swiss road traffic noise model},
  author={Heutschi, Kurt},
  journal={Acta Acustica united with Acustica},
  volume={90},
  number={3},
  pages={548--554},
  year={2004},
  publisher={S. Hirzel Verlag}
}

@article{kaddoura2017user,
  title={User-specific and dynamic internalization of road traffic noise exposures},
  author={Kaddoura, Ihab and Kr{\"o}ger, Lars and Nagel, Kai},
  journal={Networks and Spatial Economics},
  volume={17},
  number={1},
  pages={153--172},
  year={2017},
  publisher={Springer}
}

@article{hoin2009sonbase,
  title={SonBase-The GIS Noise Database of Switzerland},
  author={H{\"o}in, R and Ingold, K and K{\"o}pfli, M and Minder, T},
  journal={Technical Bases. Bern, Switzerland: Federal Office for the Environment},
  pages={5--61},
  year={2009}
}

@article{kaddourasimultaneous,
  title={Simultaneous internalization of traffic congestion and noise exposure costs},
  author={Kaddoura, Ihab and Nagel, Kai},
  journal={Transportation},
  pages={1--22},
  year={2017},
  publisher={Springer}
}

@article{calthrop1998road,
  title={Road transport externalities},
  author={Calthrop, Edward and Proost, Stef},
  journal={Environmental and Resource Economics},
  volume={11},
  number={3},
  pages={335--348},
  year={1998},
  publisher={Springer}
}

@article{beamon1999simulation,
  title={A simulation-based methodology for analyzing congestion and emissions on a transportation network},
  author={Beamon, Benita M and Griffin, Paul M},
  journal={Simulation},
  volume={72},
  number={2},
  pages={105--114},
  year={1999},
  publisher={Sage Publications}
}

@article{daniel2000environmental,
  title={The environmental impact of highway congestion pricing},
  author={Daniel, Joseph I and Bekka, Khalid},
  journal={Journal of Urban Economics},
  volume={47},
  number={2},
  pages={180--215},
  year={2000},
  publisher={Elsevier}
}

@article{agarwal2016correlation,
  title={The correlation of externalities in marginal cost pricing: lessons learned from a real-world case study},
  author={Agarwal, Amit and Kickh{\"o}fer, Benjamin},
  journal={Transportation},
  pages={1--25},
  year={2016},
  publisher={Springer}
}

@article{beckx2009integrated,
  title={An integrated activity-based modelling framework to assess vehicle emissions: approach and application},
  author={Beckx, Carolien and Panis, Luc Int and Vankerkom, Jean and Janssens, Davy and Wets, Geert and Arentze, Theo},
  journal={Environment and Planning B: Planning and Design},
  volume={36},
  number={6},
  pages={1086--1102},
  year={2009},
  publisher={SAGE Publications Sage UK: London, England}
}

@article{ahn2008effects,
  title={The effects of route choice decisions on vehicle energy consumption and emissions},
  author={Ahn, Kyoungho and Rakha, Hesham},
  journal={Transportation Research Part D: Transport and Environment},
  volume={13},
  number={3},
  pages={151--167},
  year={2008},
  publisher={Elsevier}
}

@inproceedings{hirschmann2010new,
  title={A new method to calculate emissions with simulated traffic conditions},
  author={Hirschmann, Karin and Zallinger, Michael and Fellendorf, Martin and Hausberger, Stefan},
  booktitle={Intelligent Transportation Systems (ITSC), 2010 13th International IEEE Conference on},
  pages={33--38},
  year={2010},
  organization={IEEE}
}

@article{song2012applicability,
  title={Applicability of traffic microsimulation models in vehicle emissions estimates: Case study of VISSIM},
  author={Song, Guohua and Yu, Lei and Zhang, Yanhong},
  journal={Transportation Research Record: Journal of the Transportation Research Board},
  number={2270},
  pages={132--141},
  year={2012},
  publisher={Transportation Research Board of the National Academies}
}

@article{hatzopoulou2010linking,
  title={Linking an activity-based travel demand model with traffic emission and dispersion models: transportâ€™s contribution to air pollution in Toronto},
  author={Hatzopoulou, Marianne and Miller, Eric J},
  journal={Transportation Research Part D: Transport and Environment},
  volume={15},
  number={6},
  pages={315--325},
  year={2010},
  publisher={Elsevier}
}

@incollection{wismans2011dynamic,
  title={Dynamic Traffic Management Measures to Optimize Air Quality, Climate, Noise, Traffic Safety and Congestion: Effects of a Single Objective Optimization},
  author={Wismans, Luc and van Berkum, Eric and Bliemer, Michiel},
  booktitle={Transitions Towards Sustainable Mobility},
  pages={297--313},
  year={2011},
  publisher={Springer}
}

@article{barth2009energy,
  title={Energy and emissions impacts of a freeway-based dynamic eco-driving system},
  author={Barth, Matthew and Boriboonsomsin, Kanok},
  journal={Transportation Research Part D: Transport and Environment},
  volume={14},
  number={6},
  pages={400--410},
  year={2009},
  publisher={Elsevier}
}

@article{kwon2006components,
  title={Components of congestion: Delay from incidents, special events, lane closures, weather, potential ramp metering gain, and excess demand},
  author={Kwon, Jaimyoung and Mauch, Michael and Varaiya, Pravin},
  journal={Transportation Research Record: Journal of the Transportation Research Board},
  number={1959},
  pages={84--91},
  year={2006},
  publisher={Transportation Research Board of the National Academies}
}

@article{morrison1986survey,
  title={A survey of road pricing},
  author={Morrison, Steven A},
  journal={Transportation Research Part A: General},
  volume={20},
  number={2},
  pages={87--97},
  year={1986},
  publisher={Elsevier}
}

@article{arnott1993structural,
  title={A structural model of peak-period congestion: A traffic bottleneck with elastic demand},
  author={Arnott, Richard and De Palma, Andre and Lindsey, Robin},
  journal={The American Economic Review},
  pages={161--179},
  year={1993},
  publisher={JSTOR}
}


@article{zhang2004optimal,
  title={The optimal cordon-based network congestion pricing problem},
  author={Zhang, Xiaoning and Yang, Hai},
  journal={Transportation Research Part B: Methodological},
  volume={38},
  number={6},
  pages={517--537},
  year={2004},
  publisher={Elsevier}
}


@article{taniguchi2003lack,
  title={Lack of marital support and poor psychological responses in male cancer patients},
  author={Taniguchi, Koji and Akechi, Tatsuo and Suzuki, Shimako and Mihara, Motoyuki and Uchitomi, Yosuke},
  journal={Supportive care in cancer},
  volume={11},
  number={9},
  pages={604--610},
  year={2003},
  publisher={Springer}
}

%% Custom bibliography file

@article{taniguchi2003psychological,
  title={Psychological and behavioral effects of travel feedback program for travel behavior modification},
  author={Taniguchi, Ayako and Hara, Fumihiro and Takano, Shin'ei and Kagaya, Sei'ichi and Fujii, Satoshi},
  journal={Transportation Research Record: Journal of the Transportation Research Board},
  number={1839},
  pages={182--190},
  year={2003},
  publisher={Transportation Research Board of the National Academies}
}

@article{fujii2006determinants,
  title={Determinants of the effectiveness of travel feedback programs-a review of communicative mobility management measures for changing travel behaviour in Japan},
  author={Fujii, Satoshi and Taniguchi, Ayako},
  journal={Transport policy},
  volume={13},
  number={5},
  pages={339--348},
  year={2006},
  publisher={Elsevier}
}

@article{faruqui2010impact,
  title={The impact of informational feedback on energy consumption-A survey of the experimental evidence},
  author={Faruqui, Ahmad and Sergici, Sanem and Sharif, Ahmed},
  journal={Energy},
  volume={35},
  number={4},
  pages={1598--1608},
  year={2010},
  publisher={Elsevier}
}

@article{Are2014externe,
  title={External Costs and Benefits of Transport in Switzerland. Road, rail, air and waterborne transport from 2010 to 2013},
  author={{Federal Office of Spatial Development ARE}},
  journal={Yearly update},
  pages={26},
  year={2016}
}

@article{hess2008estimated,
  title={Estimated value of savings in travel time in Switzerland: Analysis of pooled data},
  author={Hess, Stephane and Erath, Alex and Axhausen, Kay},
  journal={Transportation Research Record: Journal of the Transportation Research Board},
  number={2082},
  pages={43--55},
  year={2008},
  publisher={Transportation Research Board of the National Academies}
}

@article{vienneau2015years,
  title={Years of life lost and morbidity cases attributable to transportation noise and air pollution: A comparative health risk assessment for Switzerland in 2010},
  author={Vienneau, Danielle and Perez, Laura and Schindler, Christian and Lieb, Christoph and Sommer, Heini and Probst-Hensch, Nicole and K{\"u}nzli, Nino and R{\"o}{\"o}sli, Martin},
  journal={International journal of hygiene and environmental health},
  volume={218},
  number={6},
  pages={514--521},
  year={2015},
  publisher={Elsevier}
}

@article{balmer2006agent,
  title={Agent-based demand-modeling framework for large-scale microsimulations},
  author={Balmer, Michael and Axhausen, Kay and Nagel, Kai},
  journal={Transportation Research Record: Journal of the Transportation Research Board},
  number={1985},
  pages={125--134},
  year={2006},
  publisher={Transportation Research Board of the National Academies}
}

@article{maibach2008handbook,
  title={Handbook on estimation of external costs in the transport sector},
  author={Maibach, Markus and Schreyer, C and Sutter, D and Van Essen, HP and Boon, BH and Smokers, R and Schroten, A and Doll, C and Pawlowska, B and Bak, M},
  journal={CE Delft},
  year={2008}
}

@misc{kaddoura2017simulation,
  author={Kaddoura, Ihab and Kickh{\"o}fer, Benjamin and Agarwal. Amit},
  year={2017},
  title={Simulation-based Optimization of Congestion Costs, Noise Damages and Air Pollution Costs: The Impact of Route and Mode Choice},
  note={paper presented at the MATSim User Meeting, Haifa, 2017},
  address = {Haifa, Israel},
  month = {September}
  }

@inproceedings{bosch2016ivt,
  title={The IVT 2015 baseline scenario},
  author={B{\"o}sch, Patrick M and M{\"u}ller, Kirill and Ciari, Francesco},
  booktitle={16th Swiss Transport Research Conference (STRC 2016)},
  year={2016},
  organization={16th Swiss Transport Research Conference (STRC 2016)}
}

@inproceedings{bosch2015multi,
  title={A multi-modal network for MATSim},
  author={B{\"o}sch, Patrick M and Ciari, Francesco},
  booktitle={Proceedings of the 15th Swiss Transport Research Conference, Ascona, Switzerland},
  pages={15--17},
  year={2015}
}



@Inbook{Ahas_2007,
author="Ahas, Rein
and Laineste, Jaak
and Aasa, Anto
and Mark, {\"U}lar",
editor="Gartner, Georg
and Cartwright, William
and Peterson, Michael P.",
title="The Spatial Accuracy of Mobile Positioning: Some experiences with Geographical Studies in Estonia",
bookTitle="Location Based Services and TeleCartography",
year="2007",
publisher="Springer Berlin Heidelberg",
address="Berlin, Heidelberg",
pages="445--460",
isbn="978-3-540-36728-4",
doi="10.1007/978-3-540-36728-4_32",
url="https://doi.org/10.1007/978-3-540-36728-4_32"
}




@article{Gonzales_2008,
  author={GonzÃ¡lez, M.C. and Hidalgo, C.A. and Barabasi, A.L.},
  title = {Understanding individual human mobility patterns},
  journal = {Nature},
  year = {2008},
  volume = {453},
  number={7196},
  pages={779--782}
 }

@article{Iqbal_2014,
  author={Iqbal, M.S. and Choudhury, C.F. and Wang, P and GonzÃ¡lez, M.C.}, 
  year={2014},
  title={Development of originâ€“destination matrices using mobile phone call data},
  journal={Transportation Research Part C: Emerging Technologies},
  volume={40},
  pages={63--74}
  }

@article{Linnap_2014,
  author={Linnap, M and Rice, A},
  year={2014},
  title={Managed Participatory Sensing with YouSense},
  journal={Journal of Urban Technology},
  volume={21},
  number={2},
  pages={9--26}
  }

@inproceedings{Sohn_2006,
  author={Sohn, T and Varshavsky, A and  LaMarca, A. and Chen, M. and Choudhury, T and Smith, I and Consolvo, S and Hightower, J and Griswold, W and De Lara, E},
  year={2006},
  title={Mobility detection using everyday GSM traces},
  BOOKTITLE = {8th International Conference on Ubiquitous Computing},
  EDITOR = {UbiComp},
  address = {Orange County},
  month = {September}
  }

  @article{Song_2010,
    author={Song, C. and Qu, Z and Blumm, N and BarabÃ¡si, A.L.},
    year={2010},
    title={Limits of predictability in human mobility},
    journal={Science},
    volume={327},
    number={5968},
    pages={1018--1021}
  }


@ARTICLE{Benoit_2008,
  AUTHOR = {Benoit and Chaix, B and Kestens, Y},
  TITLE = {Detecting activity locations from raw GPS data: a novel kernel-based algorithm},
  JOURNAL = {International Journal of Health Geographics},
  Year = {2008},
  volume = {12},
  number={14}
}

@techreport{are2016externalcosts,
  title={External Costs and Benefits of Transport in Switzerland. Road, rail, air and waterborne transport from 2010 to 2013},
  author={Federal Office of Spatial Development ARE},
  year={2016}
}

@techreport{ecoplaninfras2014externeeffekte,
  title={Externe Effekte des Verkehrs 2010. Monetarisierung von Umwelt-, Unfall- und Gesundheitseffekten},
  author={Ecoplan / Infras},
  year={2014}
}

@incollection{foen2010pollutants,
  title={Pollutant Emissions from Road Transport, 1990 to 2035. Updated in 2010.},
  author={FOEN},
  booktitle={Environmental studies},
  number={1021},
  pages={129},
  year={2010},
  publisher={Federal Office for the Environment},
  address={Bern}
}

@incollection{autoschweiz2010,
  title={Reporting in the framework of the Energy Ordinance on the reduction of the specific fuel standard consumption of passenger cars in 2010},
  author={auto-schweiz},
  pages={33},
  year={2011},
  publisher={auto-schweiz},
  address={Bern}
}

@incollection{autoschweiz2012,
  title={Reporting in the framework of the Energy Ordinance on the reduction of the specific fuel standard consumption of passenger cars in 2012},
  author={auto-schweiz},
  pages={32},
  year={2013},
  publisher={auto-schweiz},
  address={Bern}
}

@incollection{mkinfras2016staukosten,
  title={Neuberechnung Staukosten Schweiz 2010-2014},
  author={MK~Consulting/Infras},
  publisher={Federal Office of Spatial Development ARE},
  address={Bern},
  year={2016}
}
